<?xml version="1.0" encoding="UTF-8"?><collection xmlns="http://www.loc.gov/MARC21/slim"><record><leader>00548nam--2200169-i-4500</leader><controlfield tag="001">000045560</controlfield><controlfield tag="002">20161230</controlfield><controlfield tag="005">20161230201045</controlfield><controlfield tag="008">060222s1000------------r-----000-0-eng-d</controlfield><datafield ind1=" " ind2=" " tag="040"><subfield code="a">IFIN-HH</subfield></datafield><datafield ind1=" " ind2=" " tag="080"><subfield code="a">530.1:539.171.11</subfield></datafield><datafield ind1="1" ind2=" " tag="100"><subfield code="a">Turchetti, G</subfield></datafield><datafield ind1="1" ind2="0" tag="245"><subfield code="a">Pade approximants in nucleon-nucleon dynamics,</subfield><subfield code="b">Presented to the conference on pade approximants, university of kent, july 1972</subfield><subfield code="c">G. turchetti</subfield></datafield><datafield ind1=" " ind2=" " tag="260"><subfield code="a">Bologna</subfield><subfield code="b">Instituto Di Fisica Della Universita</subfield><subfield code="c">1972</subfield></datafield><datafield ind1=" " ind2=" " tag="300"><subfield code="a">6P</subfield></datafield><datafield ind1=" " ind2=" " tag="852"><subfield code="a">37282</subfield><subfield code="c">539.17</subfield></datafield><datafield ind1=" " ind2=" " tag="CAT"><subfield code="a">Sys</subfield><subfield code="c">20120608</subfield><subfield code="h">120316</subfield></datafield></record></collection>